@book{Anderson2008sea,
  author={Anderson, Ross J.},
  title={Security Engineering},
  subtitle={A guide to building dependable distributed systems},
  publisher={Wiley},
  address={Indianapolis, IN},
  year={2008},
  edition={2},
  ISBN={978-0-470-06852-6 (hbk.)},
  URL={http://www.cl.cam.ac.uk/~rja14/book.html},
  keywords={IT-s{\"a}kerhet},
}

@book{Gollmann2011cs,
  author={Gollmann, Dieter},
  title={Computer Security},
  publisher={Wiley},
  address={Chichester, West Sussex, U.K.},
  year={2011},
  edition={3},
  ISBN={9780470741153 (pbk.)},
  keywords={IT-s{\"a}kerhet},
}

@article{ieeespectrum2014usb,
  author={Schneider, David},
  title={USB Flash Drives Are More Dangerous Than You Think},
  journal={IEEE Spectrum},
  month={8},
  year={2014},
  URL={http://spectrum.ieee.org/tech-talk/computing/embedded-systems/usb-flash-drives-are-more-dangerous-than-you-think},
}

@online{BobbyTables,
  author={XKCD},
  title={Exploits of a Mom},
  URL={http://xkcd.com/327/},
}

@ARTICLE{BSIMMFindings,
  author={G. McGraw},
  journal={Computer},
  title={Four Software Security Findings},
  month={Jan},
  year={2016},
  volume={49},
  number={1},
  pages={84-87},
  abstract={Analyzing data from 78 firms using the Building Security In 
    Maturity Model (BSIMM) revealed four truths about software security that 
        will help firms protect and secure their assets.  Software security 
        continues to grow and evolve, currently accounting for more than 10 
        percent of global IT security revenue worldwide. On the surface, it 
        seems obvious that we must make software systems secure from the start, 
    but opinions vary as to implementation.  Through a multiyear process of 
        observing and measuring security initiatives, we can move beyond 
        opinion into the realm of fact.  WHAT follows are four indic}, 
  keywords={security of data;BSIMM;building security in maturity model;data 
    analysis;global IT security revenue;software security 
        findings;BSIMM;Cybertrust;building security 
        in;cybersecurity;software;software security},
  doi={10.1109/MC.2016.30},
  ISSN={0018-9162},
}
